@techreport{harry,
    author = "H. B. {Hunt III} and L. Mullin and D. J. Rosenkrantz",
    title = "Towards an Indexing Calculus for Efficient Distributed
             Array Computation",
    year = 1997,
    institution = "University at Albany",
    number = "97--4",
    address = "Department of Computer Science"
}

@techreport{HuntMulRos98,
    author = "H. B. {Hunt III} and L. Mullin and D. J. Rosenkrantz",
    title = "Experimental Design and Development of a Polyalgorithm 
             for the {FFT}",
    year = 1998,
    institution = "University at Albany",
    number = "98--5",
    address = "Department of Computer Science"
}

@book{herman,
    author = "G. T. Herman",
    title = "Image Reconstruction from Projections: the Fundamentals of
             Computerized Tomography",
    year = 1980,
    publisher = "Academic Press",
    address = "New York"
}

@book{deans,
    author = "Stanley R. Deans",
    title = "The Radon Transform and Some of its Applications",
    year = 1983,
    publisher = "Wiley",
    address = "New York"
}

@Article{Constantine,
  author =       "Gregory M. Constantine",
  title =        "On the invertibility of the discrete {Radon}
                 transform",
  journal =      "SIAM Journal on Discrete Mathematics",
  volume =       "2",
  number =       "3",
  pages =        "300--306",
  year =         "1989",
  coden =        "SJDMEC",
  ISSN =         "0895-4801",
  mrclass =      "62K10 (05B05)",
  mrnumber =     "91a:62199",
  mrreviewer =   "James Allen Fill",
  bibdate =      "Thu Apr 9 15:09:27 MDT 1998",
  acknowledgement = ack-nhfb,
}

@Article{Beylkin,
  journal =      "{IEEE} Trans. Acoustics, Speech and Signal
                 Processing",
  author =       "G. Beylkin",
  title =        "Discrete Radon Transform",
  year =         "1987",
  volume =       "{ASSP-35}",
  number =       "2",
  pages =        "162",
}

@PhdThesis{Toft,
  author =       "Peter Toft",
  school =       "Technical University of Denmark",
  title =        "The Radon Transform -- Theory and Implementation",
  year =         "1996",
  abstract-url = "http://www.ei.dtu.dk/staff/ptoft/PhD_abstract.html",
  url =          "http://eivind.imm.dtu.dk/eipubs/phdthesis.html",
  keywords =     "Radon transform, Hough Transform, Reconstruction PET",
  scope =        "low",
}

@book{tolimieri1,
    author = "R. Tolimieri and M. An and C. Lu",
    title = "Mathematics of Multidimensional Fourier Transform Algorithms",
    year = 1993,
    publisher = "Springer-Verlag"
}

@book{tolimieri2,
    author = "R. Tolimieri and M. An and C. Lu",
    title = "Algorithms for Discrete Fourier Tranform and Convolution",
    year = 1989,
    publisher = "Springer-Verlag"
}

@book{ElliotRao,
    author = "Douglas F. Elliott and K. Ramamohan Rao",
    title = "Fast Transforms: Algorithms, Analyses, Applications",
    year = 1982,
    publisher = "Academic Press, Inc.",
}

@book{Twomey,
    author = "S. Twomey",
    title = "Introduction to the Mathematics of Inversion in Remote Sensing
             and Indirect Measurements",
    year = 1996,
    publisher = "Dover",
    address = "Mineola, New York"
}

@book{frank92,
    editor = "J. Frank",
    title = "Electron Tomography",
    year = 1992,
    publisher = "Plenum Publishing Corp.",
    address = "New York"
}

@book{frank96,
    author = "J. Frank",
    title = "Three--dimensional Electron Microscopy of Macromolecules",
    year = 1996,
    publisher = "Academic Press",
    address = "San Diego"
}

@book{Stark,
    editor = "H. Stark",
    title = "Image Recovery: Theory and  Application",
    year = 1987,
    publisher = "Academic Press",
    address = "New York"
}

@book{poularikas,
    editor = "A. Poularikas",
    title = "The Transform and Applications Handbook",
    year = 1996,
    publisher = "CRC Press"
}

@book{lanczos,
    author = "Cornelius Lanczos",
    title = "Applied Analysis",
    year = 1956,
    publisher = "Prentice--Hall (republished by Dover Publications Inc. 
              in 1988)"
}

@book{vanloan,
    author = "Charles {Van Loan}",
    title = "Computational Frameworks for the Fast Fourier Transform",
    series = "Frontiers in Applied Mathematics",
    year = 1992,
    publisher = "SIAM"
}

@book{cheney,
    author = "W. Cheney and D. Kincaid",
    title = "Mathematics and Computing 3rd Ed.",
    year = 1994,
    publisher = "Cole Publishing Co."
}

@book{friedman,
   author = "B. Friedman",
   title = "Principles and Techniques of Applied Mathematics",
   year = 1956,
   publisher = "John Wiley and Sons"
}

@article{StearnsH96,
   author = "R. E. Stearns and H. B. Hunt III",
   title = "An Algebraic Model for Combinatorial Problems",
   journal = "SIAM Journal on Computing",
   year = 1996,
   month = apr,
   volume = 25,
   pages = "448--476"
}

@article{houstis,
   author = "A. Houstis and R. Bramley and E. Gallopoulos 
             and J Rice",
   title = "Problem Solving Environments for Computational Science",
   journal = "IEEE Computational Science and Engineering",
   year = 1997,
   volume = 4,
   number = 3
} 

@book{golub,
   author = "G. Golub and C. VanLoan",
   title = "Matrix Computations",
   year = 1983,
   publisher = "Johns Hopkins University Press"
}

@phdthesis{abrams70,
   author = "P.S. Abrams",
   title = "An APL Machine",
   school = "Stanford University",
   year = 1970
}

@book{allen,
   title = "Introduction to Computer Performance with Mathematica",
   author = "A. Allen",
   publisher = "Academic Press",
   year = 1994
}

@article{bacon94,
  author =       "David F. Bacon and Susan L. Graham and Oliver J.
                 Sharp",
   title = "Compiler Transformations for High--Performance Computing",
   journal = "ACM Computing Surveys",
   volume = 26,
   number = 4,
   year = 1994,
  month =        dec,
  pages =        "345--420"

}

@incollection{aachen96,
   author = {L. Mullin et al},
   title = {The {PGI--PSI} Project: Preprocessing Optimizations for
             Existing and New {F}90 Intrinsics in {HPF} using
		  Compositional Symmetric Indexing of the {P}si
		  Calculus},
   booktitle = {Proceedings of the 6th Workshop on Compilers for
		  Parallel Computers},
   editor = {M. Gerndt},
   publisher = {Forschungszentrum Julich GmbH},
   year = 1996
}

@book{baird,
   author = "D. Baird",
   title = "Experimentation: An Introduction to Measurement Theory
            and Experiment Design",
    publisher = "Prentiss-Hall",
    year = 1962
}

@article{celmaster96,
   author = "W. Celmaster",
   title = "Modern Fortran Revived as the Language of Scientific
            Computing",
   journal ="Digital Technical Journal",
   year = 1996,
   volume = 8,
   number = 3
}

@book{chen91,
   author =  "L. Lu and M. Chen",
   title = "Parallelizing Loops with Indirect Array References or Pointers",
   publisher = "Springer-Verlag",
   series = "Lecture Notes in Computer Science",
   volume = 589,
   year = 1991
}

@article{chen92,
     author = "M. Chen",
     title = "Prototyping Fortran-90 Compilers for Massively
            Parallel Machines",
     journal = "Sigplan Notices",
     volume = 27,
     number = 7,
     month = "July",
     year = 1992
}

@misc{coffin94,
     author = "L. Coffin",
     title = "Designing a New Programming Methodology for 
              Optimizing Array Accesses in Complex Scientific Problems",
     year = 1994,
     note = "UMR Undergraduate Research Program(OURE)"
}

@mastersthesis{dooling95,
    author = "D. Dooling",
    title = "Distributing the Extended {P}si Function for Sparse Arrays",
    school = "University of Vermont",
    year = 1994
}

@unpublished{evan97,
    author = "E. Chen",
    title = "Polyalgorithms for {QR} Decomposition",
    note = "University at Albany, SUNY, Phd in progress"
}

@incollection{marina,
   author = {M. Chen and Y. Choo and J. Li},
   title = {Crystal: Theory and pragmatics of generating efficient
        parallel code}, 
   booktitle = {Parallel Functional Languages and Compilers},
   editor = {K. Szymanski},
   publisher = {ACM Press},
   year = 1991
}

@article{li91a,
     author = "J. Li and M. Chen",
     title = "The Data Alignment Phase in Compiling Programs for
              Distributed-Memory Machines",
     journal = "Journal of Parallel and Distributed Computing",
     volume = 13,
     number = 2,
     year = 1991,
     pages = "213--221",
     month = "October"
}

@book{hockney,
    author = "R. Hockney",
    title = "The Science of Computer Benchmarking",
    publisher = "SIAM Press",
    year = 1996
}

@manual{hpff93,
    title = "High Performance Fortran Language Specification, Version 1",
    organization = "High Performance Fortran Forum",
    month = "May",
    year = 1993
}

@techreport{fox96,
    title = "Exploiting High Performance Fortran for Computational
             Fluid Dynamics",
    author = " K. Hawick and  G. Fox and H. Yau",
    institution = "Northeast Parallel Architectures Center(NPAC)",
    year = 1996
}

@inproceedings{hpcn,
   author = {Pietro Rossi},
   title = {Science in Industry in HPCN},
   booktitle = {HPCN Europe 93},
   year = 1993
}

@book{iverson62,
      author = "K.E.Iverson",
      title = "A Programming Language",
      publisher = "Wiley, New York",
      year = 1962
}

@article{jacob96,
      author = "B Jacob and P. Chen and  S. Silverman  and T. Mudge",
      title = "An Analytical Model for Designing Memory Hierarchies",
      journal = "IEEE Transactions on Computers",
      volume = 45,
      number = 10,
      year = 1996
}

@techreport{kulkar0,
   author = {D. Kulkarni and  M. Stumm and  R. Unrau and W. Li},
   title = {A Generalized Theory of Linear Loop Transformations},
   institution = {CSRI, University of Toronto},
   number = {CSRI-317},
   year = 1994
}

  
@article{lyon,
   author = {A. Hassitt and L. Lyon},
   title = {Efficient Evaluation of Array Subscripts of Arrays},
   journal = {IBM Journal of Research and Development},
   year = 1972,
   month = {January}
}
 
@article{mlam91,
   author = "Michael Wolf and Monica Lam",
   title = "A Loop Transformation Theory and an Algorithm to Maximize
            Parallelism",
   journal = "IEEE Transactions in Parallel and Distributed  Systems",
   year = 1991,
   month = {October},
   volume = 2,
   number = 4
}

@unpublished{Blas95,
   title = "Parallel Implementation of BLAS: General Techniques 
             for Level 3 BLAS",
   author = "A. Chtchelkanova and J. Gunnels and G. Morrow and J. Overfelt, 
             R. van de Geijn",
   year = 1995,
   note = "University of Texas Austin"
}

@article{monica91,
   author= "M. Lam and E. Rothberg and M. Wolf",
   title = "The Cache Performance and Optimizations of
           Blocked Algorithms",
   year = 1991,
   journal = "Proceedings of Fourth International Conference
              on Architectural Support for Programming Languages,
              and Operating Systems",
}


@Article{monica1,
  author =       {Saman P. Amarasinghe and Monica S. Lam},
  title =        {Communication Optimization and Code Generation for
                 Distributed Memory Machines},
  pages =        {126--138},
  journal =      {sigplan},
  year =         1993,
  month =        {june},
  volume =       28,
  number =       6
}
 
@inproceedings{monica2,
  author =       {Jennifer M. Anderson and Monica S. Lam},
  title =        {Global Optimizations for Parallelism and Locality
		  on Scalable Parallel Machines},
  pages =        {112--125},
 booktitle   =" Proceedings of the ACM SIGPLAN'93 Conference on 
               Programming Language Design and Implementation",
  year =         1993,
  month =        {June},
 documentURL ="http://suif.stanford.edu/papers/anderson93.ps",
}

@inproceedings{lam0,
   author = {J. M. Anderson and S. P. Amarasinghe and M. S. Lam},
   title = {Data and Computation Transformations for
		  Multiprocessors},
   journal = {Proceedings of Fifth ACM SIGPLAN Symposium on Principles 
              and Practice of Parallel Programming (PPoPP '95)},
   year = 1995,
   month = jul,
   address = {Santa Barbara, CA}
} 


@book{madden92,
   author = "P. Madden",
   title = "Automatic Program Optimization through Proof Transformation",
   publisher = "Springer-Verlag",
   series = "Lecture Notes in Computer Science",
   volume = 607,
   year = 1992
}

@article{malcolm90,
   author = "G. Malcolm",
   title = "Data Structures and Program Transformations",
   journal ="Science of Computer Programming",
   year = 1990,
   volume = 14
}   



@phdthesis{mul88,
        title = "A Mathematics of Arrays",
        author = "L. M. R. Mullin",
        school = "Syracuse University",
        year = "1988",
        month = "December"
}


@incollection{mul91,
       author = "L.M. R. Mullin",
       title = "Psi, the Indexing Function: A Basis for {FFP} with Arrays",
       booktitle = "Arrays, Functional Languages, and Parallel Systems",
       publisher = "Kluwer Academic Publishers",
       year= 1991
}

@techreport{mul92,
       author = "L. M. R. Mullin",
       title = "The {P}si Correspondence Theorem: Array Mapping using
                the {P}si Calculus",
       institution = "University of Vermont",
       year = 1992,
       address = "Department of CS and EE",
       number ="CSEE/92/06-2",
       }

@inproceedings{mdst93,
   author = "L. R. Mullin and  D. Dooling and E. Sandberg and S. Thibault",
   title = "Formal Methods for Scheduling, Routing and Communication Protocol",
   booktitle = "Proceedings of the Second International Symposium on
                High Performance Distributed Computing (HPDC-2)",
   year = 1993,
   month ="July",
   organization = "IEEE Computer Society"
}

@techreport{mdst94,
   author = "L.R. Mullin and  D. Dooling and E. Sandberg and S. Thibault",
   title = "Formal Methods for Portable, Scalable, Scheduling,
            Routing, and Communication Protocol",
   institution = "Dept. of CS, University of Missouri-Rolla",
   number = "CSC 94-04",
   year = 1994
}



@inproceedings{mul93,
   author= "L. Mullin",
   title = "The {P}si Compiler Project",
   booktitle = "Workshop on Compilers for Parallel Computers",
   year = 1993,
   organization = "TU Delft, Holland"
}

@techreport{mul94,
   author = "L. Mullin and S. Thibault",
   title = "Reduction Semantics for Array Expressions: The {P}si Compiler",
   institution = "Dept. of CS, University of Missouri-Rolla",
   number = "CSC 94-05",
   year = 1994
}
@techreport{lee95,
  author = {L. Mullin and T. McMahon},
  title = {Parallel Algorithm Derivation and Program Transformation
		  in a
          Preprocessing  Compiler for Scientific Languages}, 
  institution ={University of Missouri-Rolla},
  year = 1994,
  address = {Dept of CS},
  number = {CSC-94-29}
}

@inproceedings{mul96,
   author = "L. Mullin and  W. Kluge and S. Scholtz",
   title = "On Programming Scientific Applications in {SAC} -- a Functional
            Language Extended by a Subsystem for High Level Array Operations",
   year = 1996,
   booktitle = "Proceedings of the 8th International Workshop on Implementation
           of Functional Languages, Bonn/Germany"
}

@mastersthesis{nemer94,
   author = "N. Nemer",
   title = "Load Balancing the Heat Equation in a Heterogeneous
            Environment with {PVM}",
   school = "University of Missouri-Rolla",
   year = 1994
}

@inproceedings{haleh98,
    author = "H. Najafzadeh and L. R. Mullin",
    title = "A Dimension Independent General Partitioning
             Algorithm to Support {HPF} Directives",
    booktitle = "Proceedings of the Seventh Workshop on Compilers
                 for Parallel Computers, CPC98", 
    address = "Linkoping, Sweden",
   year = 1998    
}

@unpublished{scott97,
    author = "S. Murawski",
    title = "Gang Scheduling in {L}inux",
    note = "University at Albany, SUNY, MS in progress"
}


@misc{mcmahon95,
   author = "T. McMahon",
   title = "Mathematical Formulation of General Partitioning of
            Multi-dimensional Arrays to Multi-Dimensional
            Architectures using the {P}si Calculus",
   school = "University of Missouri-Rolla",
   year = 1995,
   note = "Undergraduate Honors Thesis"
} 

@article{muldol94,
   author = "D. Dooling and L. Mullin",
   title = "Indexing and Distributing a General Partitioned Sparse Array",
   year = 1995,
   journal = "Proceedings of the Workshop on Solving Irregular Problems on
		  Distributed Memory Machines"
}



@article{muljen94,
   author = {L. Mullin and M. Jenkins},
   title = {Effective Data Parallel Computation using the {P}si Calculus},
   journal = {Concurrency --  Practice and Experience},
   year = 1996,
   month = {September}
}

@book{recipes,
   title = "Numerical Recipes in Fortan 90",
   author = "W. Press and W. Vetterling and S. Teukolsky and B. Flannery",
   publisher = "Cambridge University Press",
   year = 1996
}

@book{hpc,
   title = "Developing a Computer Science Agenda for HPC",
   publisher = "ACM Press",
   editor = "U. Vishkin",
   year = 1994
}



@book{paige93,
   editor = "R. Paige and J. Reif and R. Wachter",
   title = "Parallel Algorithm Derivation and Program Transformation",
   publisher = "Kluwer Academic Publishers",
   year = 1993
}

@inproceedings{palvast89,
      author = "E.M.Palvast and H.J.Sips",
      title = "A High Level Language for the Description of Parallel
               Algorithms",
      booktitle = "Proceedings of Parallel Computing 89",
      year = 1989,
      publisher = "North Holland",
      month = "August"
}

@inproceedings{palvast90,
      author = "E.M.Palvast  and A.J. van Gemund and H.J.Sips",
      title = "A Method for Parallel Program Generation with an application
                to the Booster Language",
      booktitle = "Proceedings of 1990 ACM International Conference on
                  Supercomputing",
      year = 1990,
      publisher = "ACM",
      month = "June"
}

@inproceedings{palvast91,
      author = "E.M.Palvast and H.J.Sips and A.J. van Gemund",
      title = "Automatic Parallel Program Generation with an Application
               to the Booster Language",
      booktitle = "Proceedings of the 1991 International Conference
                   on Parallel Processing",
      year = 1991,
      month = "August"
}

@phdthesis{palvast92,
      author = "E.M. Palvast",
      title = "Programming for Parallelism and Compiling for Efficiency",
      school = "Delft University of Technology",
      year = 1992,
      month = "June"
}

@article{pvm90,
     author = "V. Sunderam",
     title = "A Framework fo Parallel Distributed Computing",
     journal = "Concurrency: Practice and Experience",
     year = 1990
}

@techreport{pvm91,
     author = "A. Beguelin and J. Dongarra and A. Geist and R. Manchek and
               V. Sunderam",
     title = "A Users Guide to PVM, Parallel Virtual Machine",
     institution = "Oak Ridge National Laboratory",
     number = "ORNL/TM=11826",
     year = 1991
}

@article{raman0,
   author = {J. Ramanujam},
   title = {A linear Algebra View of Loop Transformations and their
            Interaction}, 
   journal = {Proceedings of Fifth SIAM Conference on Parallel
		  Processing for Scientific Computing},
   year = 1992
}


@book{djr,
   author = "P. Lewis and D. Rosenkrantz and R. Stearns",
   title = " Compiler Design Theory",
   publisher = "Addison-Wesley",
   year = 1976
}

@mastersthesis{thibault95,
    author = "S. Thibault",
    title = "An Address Generator for Array Operations and Compiler
             Extensions for Sparse Arrays",
    school = "University of Missouri-Rolla",
    year = 1995
}

@techreport{thib9408,
    author = "S. Thibault and L. Mullin",
    title = "Generating Indexing Functions of Regularly
             Sparse Arrays for Array Compilers",
    institution = "University of Missouri-Rolla",
    year = 1994,
    note = "TR 94-08"
}

@techreport{thib9405,
    author = "S. Thibault and L. Mullin",
    title = "A Reduction Semantics for Array Expressions: The {P}si Compiler",
    institution = "University of Missouri-Rolla",
    year = 1994,
    note = "TR 95-05"  
}

@techreport{thib9403,
    author = "S. Thibault and L. Mullin",
    title = "A Pipeline Implementation of {LU}--Decomposition on a Hypercube",
    institution = "University of Missouri-Rolla",
    year = 1994,
    note = "TR 95-03"  
}



@book{tony94,
   author = "W. Gropp and E. Lusk and A. Skjellum",
   title = "Using MPI",
   publisher = "MIT Press",
   year = 1994
}

@inproceedings{tony96,
   author = "A. Skjellum and N. Doss and P. Bangalore",
   title = "Driving Issues in Scalable Libraries: Poly-Algorithms,
            Data Distribution Independence, Redistribution, Local Storage
            Schemes",
   year = 1996,
   booktitle = "Proceedings of the Seventh SIAM Conference on Parallel 
           Processing for Scientific Computing",
   publisher = "SIAM Press"
}

@misc{tony95,
   author = "J. Li and A. Skjellum",
   title = "A Poly-Algorithm for Parallel Dense Matrix Multiplication on 
            Two-Dimensional Process Grid Topologies",
   year = 1995,
   note = "Mississippi State University"
}


@book{sieg93,
   author = "P. Sieg",
   title = "Program Transformation and Proof Transformation",
   series = "Lecture Notes in Computer Science",
   publisher = "Springer-Verlag",
   volume = 832,
   year = 1993
}

@misc{x3j394,
   author = "Standing Document, X3J3-94", 
   howpublished = "anonymous ftp from the directory /x3j3 at
                  ftp.ncs.uiuc.edu"
}

@string{jpdc = "Journal of Parallel and Distributed Computing"}
@string{toplas = "ACM Transactions on Programming Languages and Systems"}

@Article{ChatterjeeGOSS96,
title={Algorithms for Automatic Alignment of Arrays},
author={Siddhartha Chatterjee and John R. Gilbert and Leonid Oliker
and Robert Schreiber and Thomas J. Sheffler},
pages={145--157},
journal=jpdc,
year=1996,
month={1~} # nov,
volume=38,
number=2,
source={http://theory.lcs.mit.edu/~dmjones/hbp/bibs/misc/jpdc.bib}
}
 

@Article{ChatterjeeGST95,
title={Optimal Evaluation of Array Expressions on Massively Parallel Machines},
author={Siddhartha Chatterjee and John R. Gilbert
and Robert Schreiber and Shang--Hua Teng},
pages={123--156},
journal=toplas,
year=1995,
month=jan,
volume=17,
number=1
}

@InProceedings{Mace85,
  author =       "Mary E. Mace and Robert A. Wagner",
  title =        "Globally Optimum Selection of Memory Storage
                 Patterns",
  pages =        "264--271",
  booktitle =    "International Conference on Parallel Processing",
  month =        aug,
  publisher =    "IEEE Computer Society Press",
  address =      "Los Alamitos, Ca., USA",
  year =         "1985",
  ISBN =         "0-8186-0637-1",
}

@book{Mace87,
   author = "Mary E. Mace",
   title = "Memory Storage Patterns in Parallel Processing",
   publisher = "Kluwer Academic Publishing",
   address = "Norwell, Mass.",
   year = 1987
}

@article{gilbert91,
  author =       "John R. Gilbert and Robert Schreiber",
  title =        "Optimal expression evaluation for data parallel
                 architectures",
  journal =      "Journal of Parallel and Distributed Computing",
  volume =       "13",
  number =       "1",
  pages =        "58--64",
  day =          "1",
  month =        sep,
  year =         "1991",
  coden =        "JPDCER",
  ISSN =         "0743-7315",
  bibdate =      "Sat Apr 12 19:06:31 MDT 1997",
  acknowledgement = ack-nhfb,
  affiliation =  "Xerox Palo Alto Research Cent",
  affiliationaddress = "Palo Alto, CA, USA",
  classification = "722; 723; 921; C4100 (Numerical analysis); C4240
                 (Programming and algorithm theory); C7310
                 (Mathematics)",
  corpsource =   "Xerox Palo Alto Res. Center, Palo Alto, CA, USA",
  journalabr =   "J Parallel Distrib Comput",
  keywords =     "architectures; array; communication architectures;
                 composite data structure; Computer Architecture;
                 Computer Programming--Algorithms; Computer Systems,
                 Digital; data; data parallel; Data parallel
                 architectures; Data Processing--Data Structures;
                 hypercubes; item; mathematics computing; optimal
                 expression evaluation; parallel; parallel algorithms;
                 Parallel architectures; parallel machine; Parallel
                 machines; Parallel Processing; pointwise operation;
                 processor allocation; robustness"
}

@article{Li91b,
  author =       "Jingke Li and Marina Chen",
  title =        "Compiling communication-efficient programs for
                 massively parallel machines",
  journal =      "IEEE Transactions on Parallel and Distributed
                 Systems",
  volume =       "2",
  number =       "3",
  pages =        "361--376",
  month =        jul,
  year =         "1991",
  coden =        "ITDSEO",
  ISSN =         "1045-9219",
  bibdate =      "Fri Apr 11 15:20:39 MDT 1997",
  acknowledgement = ack-nhfb,
  affiliation =  "Dept of Comput Sci, Portland State Univ, OR, USA",
  classification = "722; 723; 913; C5440 (Multiprocessor systems and
                 techniques); C6110B (Software engineering techniques);
                 C6120 (File organisation); C6150C (Compilers,
                 interpreters and other processors); C6150J (Operating
                 systems)",
  corpsource =   "Dept. of Comput. Sci., Portland State Univ., OR, USA",
  journalabr =   "IEEE Trans Parallel Distrib Syst",
  keywords =     "communication metric; communication routines;
                 communication-efficient programs; Computer Operating
                 Systems; Computer Systems, Digital--Parallel
                 Processing; data layout; Distributed Memory; explicit
                 communication; explicit control structures;
                 Interprocessor Communication; Massively Parallel
                 Architecture; massively parallel distributed-; memory
                 machines; parallel machines; parallel programming;
                 parallel target code; Parallelizing Compilers;
                 patterns; Program Compilers; program compilers;
                 programs; scheduling; Scheduling--Applications; shared
                 address space; shared-memory parallel; source programs;
                 storage management; strategies; syntactic reference;
                 target program text"
}

@article{gupta92a,
  author =       "Manish Gupta and Prithviraj Banerjee",
  title =        "Demonstration of automatic data partitioning
                 techniques for parallelizing compilers on
                 multicomputers",
  journal =      "IEEE Transactions on Parallel and Distributed
                 Systems",
  volume =       "3",
  number =       "2",
  pages =        "179--193",
  month =        mar,
  year =         "1992",
  coden =        "ITDSEO",
  ISSN =         "1045-9219",
  bibdate =      "Fri Apr 11 15:20:39 MDT 1997",
  acknowledgement = ack-nhfb,
  classification = "722; 723; C6110P (Parallel programming); C6120 (File
                 organisation); C6150C (Compilers, interpreters and
                 other processors)",
  corpsource =   "Coordinated Sci. Lab., Illinois Univ., Urbana, IL,
                 USA",
  journalabr =   "IEEE Trans Parallel Distrib Syst",
  keywords =     "automatic data partitioning; Automatic Data
                 Partitioning Problem; Computer Operating
                 Systems--Program Compilers; Computer Systems, Digital;
                 constraints; data; data distribution; data structures;
                 Eispack libraries; Fortran programs; Linpack;
                 multicomputers; Parallel Processing; parallel
                 programming; parallelizing compilers; Parallelizing
                 Compilers; Perfect Benchmarks; program compilers;
                 scientific application programs; structures"
}

@techreport{gupta92b,
  author =       "Manish Gupta",
  title =        "Automatic data partitioning on distributed memory
                 multicomputers",
  institution =  "Department of Computer Science, University of Illinois
                 at Urbana-Champaign",
  address =      "Urbana, Illinois",
  year =         "1992",
  number =       "1028"
}

@article{Knobe90,
  author =       "K. Knobe and J. D. Lukas and G. L. {Steele, Jr.}",
  title =        "Data Optimization: Allocation of Arrays to Reduce
                 Communication on {SIMD} Machines",
  journal =      "Journal of Parallel and Distributed Computing",
  volume =       "8",
  number =       "2",
  pages =        "102--118",
  month =        feb,
  year =         "1990",
  coden =        "JPDCER",
  ISSN =         "0743-7315",
  bibdate =      "Sat Apr 12 17:13:17 MDT 1997",
  acknowledgement = ack-nhfb,
  classification = "C1180 (Optimisation techniques); C5440
                 (Multiprocessor systems and techniques); C6110 (Systems
                 analysis and programming); C6150C (Compilers,
                 interpreters and other processors)",
  corpsource =   "Compass, Inc., Wakefield, MA, USA",
  keywords =     "allocation of arrays; automatic layout of arrays; code
                 fragments; Connection; data optimisation; data parallel
                 programming language; Machine computer system;
                 optimisation; optimizing compiler; parallel processing;
                 parallel programming; program compilers; program
                 performance; SIMD machines"
}

@article{Knobe93,
  author =       "Kathleen Knobe and Venkataraman Natarajan",
  title =        "Automatic Data Allocation to Minimize Communication on
                 {SIMD} Machines",
  journal =      "The Journal of Supercomputing",
  volume =       "7",
  number =       "4",
  pages =        "387--415",
  month =        dec,
  year =         "1993",
  coden =        "JOSUED",
  ISSN =         "0920-8542",
  bibdate =      "Mon Jun 2 19:03:29 MDT 1997",
  acknowledgement = ack-nhfb,
  affiliation =  "Artificial Intelligence Lab., MIT, Cambridge, MA,
                 USA",
  classification = "C5220P (Parallel architecture); C6150C (Compilers,
                 interpreters and other processors)",
  corpsource =   "Artificial Intelligence Lab., MIT, Cambridge, MA,
                 USA",
  keywords =     "compiler algorithm; data alignment; data allocation;
                 data distribution; distributed memory; interprocessor
                 data motion; parallel architectures; parallel
                 compilers; program compilers; SIMD machines"
}

@inproceedings{Wholey92,
  author =       "Skef Wholey",
  title =        "Automatic Data Mapping for Distributed--Memory Parallel
                 Computers",
  booktitle =    "{Conference Proceedings 1992 Sixth ACM International
                 Conference on Supercomputing,
                 Washington, DC}",
  publisher =    "ACM Press",
  address =      "New York, NY 10036, USA",
  year =         "1992",
  month =         "July",
  ISBN =         "0-89791-485-6",
  pages =        "25--34",
  bibdate =      "Mon Aug 26 10:38:41 MDT 1996"
}

@inproceedings{platonoff95,
 author      ="Platonoff, Alexis",
 title       ="Automatic Data Distribution for Massively 
               Parallel Computers",
 booktitle   ="CPC'95",
 month       ="April",
 year        ="1995",
 scope       ="hpc",
 documentURL ="http://www.cri.ensmp.fr/doc/A-271.ps.gz"
}

@inproceedings{feautrier93,
  author =       "Paul Feautrier",
  title =        "Toward Automatic Partitioning of Arrays on Distributed
                 Memory Computers",
  booktitle =    "Conference Proceedings, 1993 International Conference
                 on Supercomputing",
  address =      "Tokyo, Japan",
  organization = "ACM SIGARCH",
  month =        jul # " 20--22,",
  year =         "1993",
  pages =        "175--184",
}

@Article{feautrier94a,
  author =       "Paul Feautrier",
  title =        "Toward automatic distribution",
  journal =      "Parallel Processing Letters",
  volume =       "4",
  number =       "3",
  pages =        "233--244",
  month =        sep,
  year =         "1994",
  coden =        "PPLTEE",
  ISSN =         "0129-6264",
  bibdate =      "Mon Apr 14 10:50:40 MDT 1997",
  acknowledgement = ack-nhfb,
  affiliation =  "Universit{\'e} de Versailles St-Quentin",
  affiliationaddress = "Versailles, Fr",
  classification = "722.1; 722.4; 723.1; 723.2; C4240P (Parallel
                 programming and algorithm theory); C5220P (Parallel
                 architecture); C5440 (Multiprocessor systems and
                 techniques); C6110P (Parallel programming); C6150N
                 (Distributed systems)",
  conflocation = "Wadern, Germany; June 1993",
  conftitle =    "Parallelization Techniques for Uniform Algorithms
                 {Workshop}",
  corpsource =   "Lab. PRiSM, Univ. de Versailles St. Quentin, France",
  countrypub =   "Singapore",
  journalabr =   "Parallel Process Lett",
  keywords =     "automatic distribution; code; Computer architecture;
                 Computer systems programming; data distribution; Data
                 handling; Data transfer; dataflow analysis; Distributed
                 computer systems; distributed memory supercomputer;
                 distributed memory systems; distribution; elementary
                 calculation; Gaussian elimination; incremental
                 analogue; level distribution schemes; message passing;
                 Multiprocessing programs; Multiprogramming; owner
                 computes rule; parallel; Parallel processing systems;
                 Placement function; placement function; processor;
                 processors; programming; programming theory; source
                 program; Storage allocation (computer); System theory;
                 two-; virtual; Virtual processor; Virtual storage",
}

@article{feautrier94b,
  author =       "Paul Feautrier",
  institution =  "University of Versailles Saint-Quentin, PRiSM
                 Laboratory",
  title =        "Compiling for massively parallel architectures: a
                 perspective",
  journal =      "Microprogramming and Microprocessors",
  year =         "1995",
  volume =       "41",
  pages =        "425--439",
  abstractURL = "ftp://ftp.prism.uvsq.fr/pub/reports/abstract",
  url =          "ftp://ftp.prism.uvsq.fr/pub/reports/1994.30.ps.gz",
  keywords =     "Massively Parallel Compilers, Automatic
                 Parallelization",
}

@article{darte94a,
  author =       "Alain Darte and Yves Robert",
  title =        "Mapping uniform loop nests onto distributed memory
                 architectures",
  journal =      "Parallel Computing",
  volume =       "20",
  number =       "5",
  pages =        "679--710",
  month =        may,
  year =         "1994",
  coden =        "PACOEJ",
  ISSN =         "0167-8191",
  bibdate =      "Mon Apr 14 12:05:41 MDT 1997",
  acknowledgement = ack-nhfb,
  classification = "C4240P (Parallel programming and algorithm theory);
                 C5220P (Parallel architecture)",
  corpsource =   "Lab. LIP-IMAG, Ecole Normale Superieure de Lyon,
                 France",
  keywords =     "architectures; array alignment; distributed memory
                 architectures; distributed memory systems; grid
                 architecture; loop transformations; mapping; parallel;
                 parallel algorithms; parallelization; partitioning;
                 partitioning technique; scheduling; target machines;
                 uniform loop nests; virtual",
  treatment =    "P Practical; T Theoretical or Mathematical",
}

@article{darte94b,
  author =       "Alain Darte and Yves Robert",
  title =        "On the alignment problem",
  journal =      "Parallel Processing Letters",
  volume =       "4",
  number =       "3",
  pages =        "259--270",
  month =        sep,
  year =         "1994",
  coden =        "PPLTEE",
  ISSN =         "0129-6264",
  bibdate =      "Mon Apr 14 10:50:40 MDT 1997",
  acknowledgement = ack-nhfb,
  affiliation =  "Ecole Normale Superieure de Lyon",
  affiliationaddress = "LYON, Fr",
  classification = "721.1; 722.4; 723.1; 921.4; C1160 (Combinatorial
                 mathematics); C4240P (Parallel programming and
                 algorithm theory)",
  conflocation = "Wadern, Germany; June 1993",
  conftitle =    "Parallelization Techniques for Uniform Algorithms
                 {Workshop}",
  corpsource =   "Lab. LIP-IMAG, Ecole Normale Superieure de Lyon,
                 France",
  countrypub =   "Singapore",
  journalabr =   "Parallel Process Lett",
  keywords =     "Affine loop nests; affine loop nests; Alignment;
                 alignment; Alignment problem; communication;
                 Communication graph; communication graph; computation
                 alignment; Computational complexity; computational
                 complexity; Computational methods; data alignment; Data
                 transfer; Distributed computer systems; distributed
                 memory systems; graph; Graphic methods; heuristic;
                 mapping; Multiprogramming; NP-complete problem; number
                 minimisation; parallel computers; parallel programming;
                 Programming theory; programming theory; SPMD
                 distributed memory; Subroutines; theory; uniform loop
                 nests"
}

@article{bouchitte95,
  author =       "V. Bouchitte and P. Boulet and A. Darte and Y.
                 Robert",
  title =        "Evaluating array expressions on massively parallel
                 machines with communication\slash computation overlap",
  journal =      "The International Journal of Supercomputer
                 Applications and High Performance Computing",
  volume =       "9",
  number =       "3",
  pages =        "205--219",
  month =        "Fall",
  year =         "1995",
  coden =        "IJSCFG",
  ISSN =         "1078-3482",
  bibdate =      "Sun Dec 22 10:19:23 MST 1996",
  acknowledgement = ack-nhfb,
  affiliation =  "Lab. LIP, Ecole Normale Sup{\'e}rieure de Lyon,
                 France",
  classification = "C4240C (Computational complexity); C4240P (Parallel
                 programming and algorithm theory); C6110P (Parallel
                 programming); C6120 (File organisation); C7310
                 (Mathematics computing)",
  keywords =     "Array expressions evaluation; Coarse-grain
                 computations; Communication/computation overlap;
                 Distributed-memory computers; Fine-grain computations;
                 Heuristics; High Performance Fortran; Massively
                 parallel machines; NP-complete problem; Optimal
                 evaluation complexity",
  pubcountry =   "USA",
  thesaurus =    "Arrays; Computational complexity; Distributed memory
                 systems; FORTRAN; Mathematics computing; Parallel
                 languages; Parallel machines; Parallel programming;
                 Tree data structures",
}

@article{choudhary93,
  author =       "Alok Choudhary and Geoffrey Fox and Seema Hiranandani
                 and Ken Kennedy and Charles Koelbel and Sanjay Ranka
                 and Chau-Wen Tseng",
  title =        "Unified Compilation of {Fortran 77D} and {90D}",
  journal =      "ACM Letters on Programming Languages and Systems",
  volume =       "2",
  number =       "1--4",
  pages =        "95--114",
  month =        mar # "--" # dec,
  year =         "1993",
  coden =        "ALPSE8",
  ISSN =         "1057-4514",
}

@InProceedings{Bozkus:1993:CAF,
  author =       "Z. Bozkus and A. Choudhary and G. Fox and T. Haupt",
  title =        "A Compilation Approach for {Fortran 90D\slash HPF}
                 Compilers",
  editor =       "Utpal Banerjee",
  booktitle =    "Languages and compilers for parallel computing: 5th
                 international workshop, New Haven, Connecticut, {USA},
                 August 3--5, 1992: proceedings",
  volume =       "757",
  publisher =    "Spring{\-}er-Ver{\-}lag",
  address =      "Berlin, Germany~/ Heidelberg, Germany~/ London, UK~/
                 etc.",
  year =         "1993",
  ISBN =         "3-540-57502-2, 0-387-57502-2",
  ISSN =         "0302-9743",
  series =       "Lecture Notes in Computer Science",
  pages =        "200--215",
  year =         "1993",
  bibdate =      "Sat May 11 12:16:44 MDT 1996",
  acknowledgement = ack-nhfb,
}

@InProceedings{BCF:LCPC93,
  author =       "Z. Bozkus and A. Choudhary and G. Fox and T. Haupt and
                 S. Ranka",
  title =        "A Compilation Approach for {Fortran 90D/HPF} Compilers
                 on Distributed Memory {MIMD} Computers",
  booktitle =    "Proceedings of the Sixth Workshop on Languages and
                 Compilers for Parallel Computing",
  address =      "Portland, OR",
  month =        aug,
  year =         "1993",
}

@InProceedings{SPDP93*617,
  author =       "Z. Bozkus and A. Choudhary and G. Fox and T. Haupt and
                 S. Ranka",
  title =        "Compiling Distribution Directives in a Fortran 90{D}
                 Compiler",
  pages =        "617--620",
  booktitle =    "Symposium on Parallel and Distributed Systems ({SPDP}
                 '93)",
  month =        dec,
  publisher =    "IEEE Computer Society Press",
  address =      "Los Alamitos, Ca., USA",
  year =         "1994",
  ISBN =         "0-8186-4222-X",
}

@TechReport{BozkusZand94a,
  author =       "Z Bozkus and A Choudhary and G Fox and T Haupt and S
                 Ranka",
  institution =  "Northeast Parallel Architectures Center, Syracuse
                 University",
  title =        "Compiling {HPF} for Distributed Memory {MIMD}
                 Computers",
  year =         "94",
  abstract-url = "ftp://ftp.npac.syr.edu/pub/by_index/sccs/papers/html/0500/abs-0507.html",
  document-size = "123.4 kbytes",
  url =          "ftp://ftp.npac.syr.edu/pub/by_index/sccs/papers/ps/0500/sccs-0507.ps.Z",
  number =       "SCCS-507",
  scope =        "f90",
}

@InProceedings{KandemirRamCho97,
  author =       "M. Kandemir and J. Ramanujam and A. Choudhary",
  title =        "Compiler Algorithms for Optimizing Locality and
                 Parallelism on Shared and Distributed Memory Machines",
  booktitle =    "Proceedings of the 1997 International Conference on
                 Parallel Architectures and Compilation Techniques",
  address =      "San Francisco, California",
  publisher =    "IEEE Computer Society Press",
  month =        nov # " 10--14,",
  year =         "1997",
  pages =        "236--247",
}

@InProceedings{RadHS92,
  author =       "V. Radhakrishnan and H. B. Hunt III and R. E. Stearns",
  title =        "Efficient algorithms for solving systems of 
                 linear equations and path problems",
  booktitle =    "STACS92 Ninth Annual Symp. on Theoretical Aspects of 
                  Computer Science",
  editor =       "A. Finkel and M. Jantzen",

   series = "Lecture Notes in Computer Science",
   publisher = "Springer-Verlag",
   address = "Berlin",
   volume = 577,
   year = "1992",
  pages =        "109--119",
}

@inproceedings{Schaefer78,
  author =       {T. J. Schaefer},
  title =        {The Complexity of Satisfiability Problems},
  pages =        {216--226},
 booktitle   = "Proceedings 10th Annual ACM Symposium on Theory of Computing",
  year =         1978,
}

@book{NemhauserW88,
    author = "G. L. Nemhauser and L. A. Wolsey",
    title = "Integer and Combinatorial Optimization",
    year = 1988,
    publisher = "John Wiley \& Sons"
}

@inproceedings{HuntMS94St,
  author =       {H. B. {Hunt III} and M. V. Marathe and R. E. Stearns},
  title =        {Generalized {CNF} satisfiability problems and
                   non--efficient approximability},
  pages =        {356--366},
 booktitle   = {Proc. Ninth Annual IEEE Conf. on Structure 
                 in Complexity Theory},
  year =         1994,
  month =        jun,
  address =    {Amsterdam, the Netherlands},
}

@techreport{MHSR97,
    author = "M. V. Marathe and H. B. {Hunt III} and R. E. Stearns
                 and V. Radhakrishnan",
    title = "A Dichotomy Theorem  for Hierarchically and 1--Dimensional 
       Periodically Specified Satisfiability Problems with Applications",
    year = 1997,
    monthe = sep,
    institution = "University at Albany",
    number = "LA--UR--97--1500",
    address = "Los Alamos National Laboratory"
}

@InProceedings{MaratheHSR96,
    author = "M. V. Marathe and H. B. {Hunt III} and R. E. Stearns
                 and V. Radhakrishnan",
  title =        "Complexity of hierarchically and 1--dimensional 
                  periodically specified problems",
  booktitle =    "Proceedings DIMACS Workshop on the Satisfiability Problem: 
                 Theory and Applications",
  editor =       "D. Du and J. Gu and P. M. Pardalos",
  year =         "1996",
  month =        mar,
  series =       "DIMACS Series in Discrete Mathematics and 
                 Theoretical Computer Science",
   volume =       "35",
  publisher =    "American Mathematical Society",
  address =      "Providence, RI",
  pages =        "225--259",
}

@inproceedings{RadHS94,
  author =       {V. Radhakrishnan and H. B. {Hunt III} and R. E. Stearns},
  title =        {Efficient algorithms for hierarchical descriptions with 
                   bounded treewidth},
 booktitle   = {Proc. 5th International Workshop on Graph Grammars
             and their Application to Computer Science (Gra Gra '94)},
  year =         1994,
  month =        nov,
  address =    {Williamsburg, VA},
  publisher = {Springer--Verlag}
}

@article{MaratheHR96,
  author =       {M. V. Marathe and H. B. {Hunt III} and S. S. Ravi},
  title   = {Approximation Algorithms for
           On--line Coloring and Domatic Partition of Circular Arc Graphs},
  journal = {Discrete Applied Mathematics},
  volume = 64,
  year =         1996,
  pages =        {135--149},
  note = {Preliminary Version appeared in 
          {\em Proceedings  of 5th International 
          Conference on Computing and Information (ICCI),} 
          May 1993, pp. 26-30}
}

@article{MaratheRHR97,
  author =       {M. V. Marathe and V. Radhakrishnan and H. B. {Hunt III} 
                      and S. S. Ravi},
  title   = {Hierarchically Specified Unit Disk Graphs},
  journal = {Theoretical Computer Science},
  volume = 174,
  number = {1--2},
  year =         1997,
  month =        mar,
  pages =        {23--65},
  note = {Preliminary Version appeared in 
          {\em Proceedings  of 19th International Workshop on 
           Graph-Theoretic Concepts in Computer Science (WG)}, 
           LNCS 790, Springer Verlag, June  1993, pp. 21-32.
           Technical Report No. LA-UR-95-1826, 
           Los Alamos National Laboratory, 1995}
}


@inproceedings{MaratheHRadS94,
  author =       {M. V. Marathe and H. B. {Hunt III} and V. Radhakrishnan and 
                  R. E. Stearns},
  title =        {Approximation schemes for {PSPACE}--complete problems
                  for succinct specifications (preliminary report)},
 booktitle   = {Proc. 26th Annual ACM Symp. on Theory of Computing},
  year =         1994,
  address =    {Montreal, Canada},
  publisher = {ACM Press},
  pages =        {468--477},
  note = {Journal version is to appear in {\em SIAM J.  Computing}}
}

@article{HuntMRadS98,
  author =       {H. B. {Hunt III} and M. V. Marathe and V. Radhakrishnan and 
                  R.E. Stearns},
  title   = {The Complexity of Planar Counting Problems}, 
  journal = {SIAM Journal of Computing}, 
  volume =  27,
  number =   4,    
  year =    1998,
  month =   aug,
  pages =   {1142--1167} 
}

@Article{Byrne:1975:PNS,
  author =       "G. D. Byrne and A. C. Hindmarsh",
  title =        "A Polyalgorithm for the Numerical Solution of Ordinary
                 Differential Equations",
  journal =      "{ACM} Transactions on Mathematical Software",
  volume =       "1",
  number =       "1",
  pages =        "71--96",
  month =        mar,
  year =         "1975",
  CODEN =        "ACMSCU",
  ISSN =         "0098-3500",
  MRclass =      "65L99 (68A10)",
  MRnumber =     "51 #14600",
  reviewer =     "Sean McKee",
}





