@techreport{toolbox1,
author = {E. Acar and T. G. Kolda and D. M. Dunlavy},
institution = {Sandia National Laboratories, Albuquerque, NM and Livermore, CA},
title = {An Optimizations Approach for Fitting Canonical Tensor Decompositions},
number = {SAND2009-0857},
month = {February},
year = {2009}
}
@inproceedings{toolbox2,
author = {E.Acar and D. M. Dunlavy and T. G. Kolda and M. Morup},
title = {Scalable Tensor Factorizations with Missing Data},
booktitle = {SDM10: Proceedings of the 2010 SIAM International
Conference on Data  Mining},
year = {2010},
month = {April}
}
@article{toolbox3,
author = {Brett W. Bader and Tamara G. Kolda},
title = {Efficient MATLAB Computations with Sparse and Factored Matrices},
journal = {SIAM Journal on Scientific Computing},
volume = {30},
number = {1},
year = {2007},
month = {December},
pages = {305--231}
}
@article{toolbox4,
author = {Brett W. Bader and Tamara G. Kolda},
title = {Algorithm 862: MATLAB Tensor Classes for Fast Algorithm Prototyping},
journal = {ACM Transactions on Mathematical Software},
volume = 32,
number = 4,
month = {December},
year = {2006}
}
@misc{toolbox5,
author = {Brett W. Bader and Tamara G. Kolda},
title = { MATLAB Tensor Toolbox Version 2.4},
note = {http://csmr.ca.sandia.gov/~tgkolda/TensorToolbox/},
year =  2001
}
@article{TensorReview,
  author = {Tamara G. Kolda and Brett W. Bader},
  title = {Tensor Decompositions and Applications},
  journal = {SIAM Review},
  month = {September},
  year = {2009},
  volume = {51},
  number = {3},
  pages = {455--500},
  doi = {10.1137/07070111X}
}
@BOOK{cockshottandrenfrew,
  title = {SIMD programming for Windows and Linux},
  publisher = {Springer},
  year = {2004},
  author = {Paul Cockshott and Ken Renfrew}
}
@MASTERSTHESIS{Jackson05,
  author = {Iain Jackson},
  title = {Opteron Support for Vector Pascal},
  school = {Dept Computing Science, University of Glasgow},
  year = {2004},
  type = {Final year thesis}
}
@article{cockshott2006orthogonal,
  title={{Orthogonal parallel processing in vector Pascal}},
  author={Cockshott, P. and Michaelson, G.},
  journal={Computer Languages, Systems \& Structures},
  volume={32},
  number={1},
  pages={2--41},
  year={2006},
  publisher={Elsevier}
}

@MASTERSTHESIS{cooper05,
  author = {Peter Cooper},
  title = {Porting the Vector Pascal Compiler to the Playstation 2},
  school = {University of Glasgow Dept of Computing Science},
  year = {2005},
  address = {http://www.dcs.gla.ac.uk/\verb+~+wpc/reports/compilers/compilerindex/PS2.pdf}
}
@ARTICLE{cockshottsigplan,
  author = {Paul Cockshott},
  title = {Vector pascal reference manual},
  journal = {SIGPLAN Not.},
  year = {2002},
  volume = {37},
  pages = {59--81},
  number = {6},
  address = {New York, NY, USA},
  doi = {http://doi.acm.org/10.1145/571727.571737},
  issn = {0362-1340},
  publisher = {ACM Press}
}
@ARTICLE{cockshottapl,
  author = {Paul Cockshott},
  title = {Efficient compilation of array expressions},
  journal = {SIGAPL APL Quote Quad},
  year = {2004},
  volume = {34},
  pages = {16--25},
  number = {2},
  address = {New York, NY, USA},
  doi = {http://doi.acm.org/10.1145/1088529.1088532},
  issn = {0163-6006},
  publisher = {ACM Press}
}
@misc{jeremy,
author = "Jeremy Kepner",
title = "Parallel MATLAB for Multicore and Multinode Camputers",
year = "SIAM, Philadelphia, 2009"}
@misc{edinworkshop,
       author = "Anthony Kennedy et al",
       title = "http://kac.maths.ed.ac.uk/NSF-NAIS/Home.php",
       year = "October 2009"}
@article{DBLP:journals/corr/abs-0803-2386,
  author    = {Lenore R. Mullin and
               James E. Raynolds},
  title     = {Conformal Computing: Algebraically connecting the hardware/software
               boundary using a uniform approach to high-performance computation
               for software and hardware applications},
  journal   = {CoRR},
  volume    = {abs/0803.2386},
  year      = {2008},
  ee        = {http://arxiv.org/abs/0803.2386},
  bibsource = {DBLP, http://dblp.uni-trier.de}
}
@article{DBLP:journals/cphysics/RaynoldsM05,
  author    = {James E. Raynolds and
               Lenore R. Mullin},
  title     = {Applications of Conformal Computing techniques to problems
               in computational physics: the Fast Fourier Transform},
  journal   = {Computer Physics Communications},
  volume    = {170},
  number    = {1},
  year      = {2005},
  pages     = {1-10},
  ee        = {http://dx.doi.org/10.1016/j.cpc.2005.02.004},
  bibsource = {DBLP, http://dblp.uni-trier.de}
}
@article{DBLP:journals/dsp/Mullin05,
  author    = {Lenore R. Mullin},
  title     = {A uniform way of reasoning about array-based computation
               in radar: Algebraically connecting the hardware/software
               boundary},
  journal   = {Digital Signal Processing},
  volume    = {15},
  number    = {5},
  year      = {2005},
  pages     = {466-520},
  ee        = {http://dx.doi.org/10.1016/j.dsp.2005.02.003},
  bibsource = {DBLP, http://dblp.uni-trier.de}
}
@inproceedings{201316,
 author = {Pottinger, H. and Eatherton, W. and Kelly, J. and Schiefelbein, T. and Mullin, L. R. and Ziegler, R.},
 title = {Hardware assists for high performance computing using a mathematics of arrays},
 booktitle = {FPGA '95: Proceedings of the 1995 ACM third international symposium on Field-programmable gate arrays},
 year = {1995},
 isbn = {0-89791-743-X},
 pages = {39--45},
 location = {Monterey, California, United States},
 doi = {http://doi.acm.org/10.1145/201310.201316},
 publisher = {ACM},
 address = {New York, NY, USA},
 }
@TECHREPORT{Eatherton95anfpga,
    author = {W. Eatherton and J. Kelly and T. Schiefelbein and H. Pottinger and L. R. Mullin and R. Ziegler},
    title = {An FPGA Based Reconfigurable Coprocessor Board Utilizing a Mathematics of Arrays},
    institution = {University of Missouri--Rolla, Computer Science Department},
    year = {1995}
}
@TECHREPORT{Mulin94areduction,
    author = {Lenore Mullin and Scott Thibault},
    title = {A Reduction Semantics for Array Expressions: The PSI Compiler},
    institution = {University of Missouri-Rolla, Computer Science Department},
    year = {1994}
}
@phdthesis{905544,
 author = {Abrams, Philip Samuel},
 title = {An {APL} machine},
 year = {1970},
 order_no = {AAI7022146},
 school = {Stanford University},
 publisher = {Stanford University},
 address = {Stanford, CA, USA},
 }
@phdthesis{915213,
 author = {Restifo Mullin, Lenore Marie},
 title = {A mathematics of arrays},
 year = {1988},
 order_no = {AAI8914581},
 school = {Syracuse University},
 publisher = {Syracuse University},
 address = {Syracuse, NY, USA},
 }
@article{327613,
 author = {Scholz, Sven-Bodo},
 title = {On defining application-specific high-level array operations by means of shape-invariant programming facilities},
 journal = {SIGAPL APL Quote Quad},
 volume = {29},
 number = {3},
 year = {1999},
 issn = {0163-6006},
 pages = {32--38},
 doi = {http://doi.acm.org/10.1145/327600.327613},
 publisher = {ACM},
 address = {New York, NY, USA},
 }
@inproceedings{803777,
 author = {Abrams, Philip S.},
 title = {What's wrong with {APL}?},
 booktitle = {APL '75: Proceedings of seventh international conference on APL},
 year = {1975},
 pages = {1--8},
 location = {Pisa, Italy},
 doi = {http://doi.acm.org/10.1145/800117.803777},
 publisher = {ACM},
 address = {New York, NY, USA},
 }
